<?xml version="1.0" encoding="UTF-8"?><collection xmlns="http://www.loc.gov/MARC21/slim"><record><leader>00424nam--2200169-i-4500</leader><controlfield tag="001">000005358</controlfield><controlfield tag="002">20161230</controlfield><controlfield tag="005">20170116234703</controlfield><controlfield tag="008">060222s1000------------r-----000-0-eng-d</controlfield><datafield ind1=" " ind2=" " tag="080"><subfield code="a">541.133</subfield></datafield><datafield ind1=" " ind2=" " tag="100"><subfield code="a">Accascina, F</subfield></datafield><datafield ind1=" " ind2=" " tag="245"><subfield code="a">Electrolytic conductance</subfield></datafield><datafield ind1=" " ind2=" " tag="260"><subfield code="a">New York</subfield><subfield code="b">Interscience Publishers, Inc</subfield><subfield code="c">1959</subfield></datafield><datafield ind1=" " ind2=" " tag="300"><subfield code="a">IX + 279 p</subfield></datafield><datafield ind1=" " ind2=" " tag="700"><subfield code="a">Fouss, Raymond M</subfield></datafield><datafield ind1=" " ind2=" " tag="852"><subfield code="a">13141</subfield></datafield><datafield ind1=" " ind2=" " tag="CAT"><subfield code="a">SYS</subfield><subfield code="c">20170116</subfield><subfield code="h">234703</subfield></datafield></record></collection>